@article{ALICE-PUBLIC-2017-005,
      title         = "{\textit{The ALICE definition of primary particles}}",
      collaboration = "ALICE Collaboration",
      month         = "Jun",
      year          = "2017",
      reportNumber  = "ALICE-PUBLIC-2017-005",
      url           = "http://cds.cern.ch/record/2270008",
      note={abrufbar auf: \url{http://cds.cern.ch/record/2270008} (Februar 2019)},
}
@article{ALICE-PUBLIC-2018-014,
      title         = "{ALICE 2017 luminosity determination for pp collisions at $\sqrt{s}$ = 5 TeV}",
      collaboration = "ALICE Collaboration",
      month         = "Nov",
      year          = "2018",
      reportNumber  = "ALICE-PUBLIC-2018-014",
      url           = "https://cds.cern.ch/record/2648933",
}

@misc{GSS, 
  author  = "Prof. Dr. Owe Philipsen",
  title = "{\textit{Numerical Determination of the Phase Diagram of Nuclear Matter}}",
  note={abrufbar auf: \url{http://www.gauss-centre.eu/gauss-centre/EN/Projects/ElementaryParticlePhysics/2015/philipsen_PDNM.html?nn=1361054} (Februar 2019)},
}

@misc{DataPG, 
  author  = "Data Preparation Group",
  title = "{\textit{Analysis Object Tools - Systematic uncertainties on TPC-ITS matching in various Run-2 data samples}}",
  note={abrufbar auf: \url{https://twiki.cern.ch/twiki/bin/viewauth/ALICE/AliDPGtoolsTrackSystematicUncertaintyBookkeping} (Februar 2019)},
}

@misc{CernWebpage, 
  author  = "CERN-Webpage",
  title = "{\textit{Cryogenics: Low temperatures, high performance}}",
  note={abrufbar auf: \url{https://home.cern/science/engineering/cryogenics-low-temperatures-high-performance} (Februar 2019)},
}
http://aliceinfo.cern.ch/Public/en/Chapter2/Chap2_TPC.html
@misc{alice, 
  author  = "ALICE Collaboration",
  title = "{\textit{The ALICE Experiment}}",
  note={abrufbar auf: \url{http://aliceinfo.cern.ch/Public/en/Chapter2/Chap2Experiment-en.html} (Februar 2019)},
}

@book{Bruning:782076,
      author        = "Br√ºning, Oliver Sim and Collier, Paul and Lebrun, P and
                       Myers, Stephen and Ostojic, Ranko and Poole, John and
                       Proudlock, Paul",
      title         = "{LHC Design Report}",
      publisher     = "CERN",
      address       = "Geneva",
      series        = "CERN Yellow Reports: Monographs",
      year          = "2004",
      url           = "https://cds.cern.ch/record/782076",
}


@article{pdg2014particle,
  title={\textit{Particle Physics Booklet Chin}},
  author={PDG, Olive KA and others},
  journal={Phys. C},
  volume={38},
  pages={090001},
  year={2014}
}


@article{Acharya:2018qsh,
      author         = "Acharya, S. and others",
      title          = "{\textit{Transverse momentum spectra and nuclear modification
                        factors of charged particles in pp, p-Pb and Pb-Pb
                        collisions at the LHC}}",
      collaboration  = "ALICE",
      journal        = "JHEP",
      volume         = "11",
      year           = "2018",
      pages          = "013",
      doi            = "10.1007/JHEP11(2018)013",
      eprint         = "1802.09145",
      archivePrefix  = "arXiv",
      primaryClass   = "nucl-ex",
      reportNumber   = "CERN-EP-2018-025",
      SLACcitation   = "%%CITATION = ARXIV:1802.09145;%%"
}


@article{Collins:1989gx,
      author         = "Collins, John C. and Soper, Davison E. and Sterman,
                        George F.",
      title          = "{\textit{Factorization of Hard Processes in QCD}}",
      journal        = "Adv. Ser. Direct. High Energy Phys.",
      volume         = "5",
      year           = "1989",
      pages          = "1-91",
      doi            = "10.1142/9789814503266_0001",
      eprint         = "hep-ph/0409313",
      archivePrefix  = "arXiv",
      primaryClass   = "hep-ph",
      reportNumber   = "ITP-SB-89-31",
      SLACcitation   = "%%CITATION = HEP-PH/0409313;%%"
}


@mastersthesis{krugermean2,
  title = {\textit{Mean transverse Momentum of primary charged particles produced in pp collisions at $\sqrt{s} = 5.02$ $\mathrm{TeV}$ measured with ALICE}},
  author = {Kr{\"u}ger, Mario},
  year = 2017,
  school={Johann Wolfgang Goethe-Universit{\"a}t in Frankfurt am Main},
  type = "{Masterarbeit}",
}

@mastersthesis{PHUHN15,
  title = {\textit{Studie zur Triggereffizienz geladener Teilchen in ALICE}},
  author={Huhn, Patrick},
  year = 2015,
  school={Johann Wolfgang Goethe-Universit{\"a}t in Frankfurt am Main},
  type = "{Bachelorarbeit}",
}

@mastersthesis{PHUHN17,
  title = {\textit{Datenbasierte Effizienzkorrektur zum Nachweis geladener Teilchen im ALICE Experiment}},
  author={Huhn, Patrick},
  year = 2017,
  school={Johann Wolfgang Goethe-Universit{\"a}t in Frankfurt am Main},
  type = "{Masterarbeit}",
}

@mastersthesis{luttigMA2010,
  title = {\textit{Mittlerer Transversalimpuls in Proton-Proton-Kollisionen bei $\sqrt{s} = 900$ GeV in ALICE}},
  author={L{\"u}ttig, Philipp},
  year = 2010,
  school={Johann Wolfgang Goethe-Universit{\"a}t in Frankfurt am Main},
  type = "{Masterarbeit}",
}

@book{buhrke2013geheimnisvoller,
  title={Geheimnisvoller kosmos: astrophysik und kosmologie im 21. jahrhundert},
  author={B{\"u}hrke, Thomas and Wengenmayr, Roland},
  year={2013},
  publisher={John Wiley \& Sons}
}


@phdthesis{luttig2017charged,
  title={Charged particle production in pp and Pb-Pb collisions measured with ALICE at the LHC},
  author={L{\"u}ttig, Philipp},
  year={2017},
  school={Johann Wolfgang Goethe-Universit{\"a}t in Frankfurt am Main}
  type = "{Masterarbeit}",
}

@phdthesis{eperezlezama2018,
  title={Transverse momentum spectra and cross sections of charged particles in pp collisions measured with ALICE},
  author={P{\'e}rez Lezama, Edgar},
  year={2018},
  school={Johann Wolfgang Goethe-Universit{\"a}t in Frankfurt am Main}
}

@phdthesis{jgronefeld2018,
  title={Transverse momentum distributions and nuclear modification factors in heavy-ion collisions with ALICE at the Large Hadron Collider},
  author={Gronefeld, Julius},
  year={2018},
  school={Technische Universit{\"a}t Darmstadt}
}

@article{Chernodub:2010bi,
      author         = "Chernodub, M. N.",
      title          = "{\textit{Background magnetic field stabilizes QCD string against
                        breaking}}",
      year           = "2010",
      eprint         = "1001.0570",
      archivePrefix  = "arXiv",
      primaryClass   = "hep-ph",
      SLACcitation   = "%%CITATION = ARXIV:1001.0570;%%"
}

@phdthesis{Group:2006bn,
      author         = "Group, Robert Craig",
      title          = "{\textit{Measurement of the Inclusive Jet Cross Section using the
                        Midpoint Algorithm in Run II at CDF}}",
      school         = "Florida U.",
      year           = "2006",
      url            = "http://lss.fnal.gov/archive/thesis/2000/fermilab-thesis-2006-29.pdf",
      doi            = "10.2172/897224",
      reportNumber   = "UMI-32-48981, FERMILAB-THESIS-2006-29",
      SLACcitation   = "%%CITATION = UMI-32-48981;%%"
}



@phdthesis{knichel2015transverse,
  title={Transverse momentum distributions of primary charged particles in pp, p--Pb and Pb--Pb collisions measured with ALICE at the LHC},
  author={Knichel, Michael Linus},
  year={2015},
  school={Technische Universit{\"a}t Darmstadt}
}

@unpublished{Tauro:2263642,
      author        = "Tauro, Arturo",
      title         = "{\textit{ALICE Schematics}}",
      month         = "May",
      year          = "2017",
      reportNumber  = "ALICE-PHO-SKE-2017-001",
      url           = "http://cds.cern.ch/record/2263642",
      note={abrufbar auf: \url{http://cds.cern.ch/record/2263642} (Februar 2019)},
      note          = "General Photo",
}

@book{sarkar2009physics,
  title={The physics of the quark-gluon plasma: introductory lectures},
  author={Sarkar, Sourav and Satz, Helmut and Sinha, Bikash},
  volume={785},
  year={2009},
  publisher={Springer}
}
@book{breskin2009cern,
  title={The CERN large hadron collider: accelerator and experiments},
  author={Breskin, Amos and Voss, R{\"u}diger},
  year={2009},
  publisher={Cern Geneva}
}


